http://www.kde.org/community/whatiskde/softwarecompilation.php

@misc{whatiskde,
author =       "{KDE\ e.V.}",
title =        "What is the KDE Software Compilation? [online]",
publisher =    "kde.org [online]",
year =         "2010 [cit. 2010-07-29]",
url=  "http://www.kde.org/community/whatiskde/softwarecompilation.php",
}


@misc{ wikiINIfiles,
author = "Wikipedia",
title = "INI file --- Wikipedia{,} The Free Encyclopedia [online]",
year = "2010 [cit. 2010-07-29]",
url = "http://en.wikipedia.org/w/index.php?title=INI_file&oldid=368408135",
}

@misc{secureProg,
author =       "David A. Wheeler",
title =        "Secure Programming for Linux and Unix HOWTO [online]",
publisher =    "dwheeler.com [online]",
year =         "2003 [cit. 2010-07-29]",
url =  "http://www.dwheeler.com/secure-programs/Secure-Programs-HOWTO.pdf",
}

@BOOK{OSP,
author =       "{L.F.\ Bic,\ A.C.\ Shaw}",
title =        "Operating Systems Principles",
publisher =    "Pearson Education",
year =         "2003",
note =         "ISBN~0-13-122455-7",
}

@misc{codeKdeLibs,
author =       "{Komunita\ KDE}",
title =        "Zdrojový kód knihoven KDE-Libs [online]",
publisher =    "kde.org [online]",
year =         "2010 [cit. 2010-07-29]",
url=  "http://websvn.kde.org/trunk/KDE/kdelibs/",
}

@misc{codeKdeCore,
author =       "{Komunita\ KDE}",
title =        "Zdrojový kód knihoven KDE-Libs, modul KDE-Core/kernel [online]",
publisher =    "kde.org [online]",
year =         "2010 [cit. 2010-07-29]",
url=  "http://websvn.kde.org/trunk/KDE/kdelibs/kdecore/kernel/",
}

@misc{codeKAuth,
author =       "{Komunita\ KDE}",
title =        "Zdrojový kód KAuth [online]",
publisher =    "kde.org [online]",
year =         "2010 [cit. 2010-07-29]",
url=  "http://websvn.kde.org/trunk/KDE/kdelibs/kdecore/auth/",
}


@misc{bugrepmailinglist,
author =       "Petr Mrázek",
title =        "polkitd stuck in poll() [online]",
publisher =    "Freedesktop.org [online]",
year =         "2010 [cit. 2010-07-29]",
url=  "http://lists.freedesktop.org/archives/polkit-devel/2010-May/000308.html",
}

@misc{bugreptracker,
author =       "Petr Mrázek and David Zeuthen",
title =        "polkitd memory leaks [online]",
publisher =    "Freedesktop.org [online]",
year =         "2010 [cit. 2010-07-29]",
url=  "https://bugs.freedesktop.org/show_bug.cgi?id=29069",
}

@misc{smallbugrep,
author =       "Petr Mrázek and David Zeuthen",
title =        "Configuration reload on every query [online]",
publisher =    "Freedesktop.org [online]",
year =         "2010 [cit. 2010-07-29]",
url=  "https://bugs.freedesktop.org/show_bug.cgi?id=29051",
}

@misc{manpklocalauth,
author =       "David Zeuthen",
title =        "Manuálová stránka PolicyKit1 Local Authority [online]",
publisher =    "Freedesktop.org [online]",
year =         "2010 [cit. 2010-05-16]",
url=  "http://hal.freedesktop.org/docs/polkit/pklocalauthority.8.html",
}

@misc{manpolkit1,
author =       "David Zeuthen",
title =        "Manuálová stránka PolicyKit1 [online]",
publisher =    "Freedesktop.org",
year =         "2010 [cit. 2010-05-16]",
url=  "http://hal.freedesktop.org/docs/polkit/polkit.8.html",
}
@misc{manpolkit_overview,
author =       "David Zeuthen",
title =        "Referenční manuál k PolicyKitu [online]",
publisher =    "Freedesktop.org",
year =         "2009-07-24 [cit. 2010-05-16]",
url=  "http://hal.freedesktop.org/docs/polkit/",
}

@misc{rootpam,
author =       "Boleslav Bobčík",
title =        "PAM - správa autentizačních mechanismů [online]",
publisher =    "Root.cz",
year =         "2000-09-19 [cit. 2010-05-16]",
url=  "http://www.root.cz/clanky/pam-sprava-autentizacnich-mechanismu/",
}
@misc{polkitkde,
author =       "Daniel Nicoletti",
title =        "The PolicyKit-kde manual [online]",
year =         "2000-09-19 [cit. 2010-05-16]",
url=  "http://www.root.cz/clanky/pam-sprava-autentizacnich-mechanismu/",
}
@misc{QtStatMach,
author =       "{Nokia Corporation}",
title =        "The State Machine Framework [online]",
year =         "2010 [cit. 2010-05-16]",
url=  "http://doc.qt.nokia.com/4.6/statemachine-api.html",
}
@misc{sudonuts,
author =       "Todd C. Miller",
title =        "Sudo in a Nutshell [online]",
year =         "2010 [cit. 2010-05-16]",
url=  "http://www.sudo.ws/sudo/intro.html",
}
@BOOK{StarchQt4,
author =       "Daniel Molkentin",
title =        "The book of Qt 4 :the art of building Qt applications",
publisher =    "No Starch Press",
year =         "2007",
note =         "ISBN~1-593-27147-6",
}
@BOOK{Ezust,
author =       "Alan Ezust and Paul Ezust",
title =        "An Introduction to Design Patterns in C++ with Qt 4",
publisher =    "Prentice Hall; 1 edition (September 10, 2006)",
year =         "2006",
note =         "ISBN~0-131-87905-7",
}

@misc{KAuthusage,
author =       "Dario Freddi",
title =        "Using KAuth actions in your application [online]",
year =         "2010-02-12 [cit. 2010-05-16]",
url=  "http://techbase.kde.org/Development/Tutorials/KAuth/KAuth\_Actions",
}

@misc{KAuthAPI,
author =       "Dario Freddi and Nicola Gigante",
title =        "KAuth Namespace Reference [online]",
year =         "2010 [cit. 2010-07-29]",
url=  "http://api.kde.org/4.x-api/kdelibs-apidocs/kdecore/namespaceKAuth.html",
}

@misc{Kioskintro,
author =       "{Komunita\ KDE}",
title =        "Kiosk/Introduction [online]",
year =         "2008-03-14 [cit. 2010-05-16]",
url=  "http://techbase.kde.org/KDE\_System\_Administration/Kiosk/Introduction",
}
@misc{KConfigEditor,
author =       "Zack Rusin",
title =        "Domovská stránka programu KConfigEditor [online]",
year =         "2010 [cit. 2010-05-16]",
url=  "http://extragear.kde.org/apps/kconfigeditor/",
}

1. Silberschatz, A., Galvin, P.B., Gagne, G.: Operating System Concepts, 8th Edition, John Wiley & Sons, 2008.
2. Tanenbaum, A.: Modern Operating Systems, 2nd edition, Prentice Hall, 2001.
3. Tanenbaum, A.S., Woodhull, A.S.: Operating Systems Design and Implementation, 3rd ed., Prentice Hall, 2006.
4. Skočovský, L.: Principy a problémy operačního systému Unix, 2. vydání, 2008.
5. Raymond, E.S.: The Art Of Unix Programming, Addison-Wesley, 2003.
6. Russinovich, M., Solomon, D.: Windows Internals, 5th edition, Microsoft Press, 2009.
1. Silberschatz, A., Galvin, P.B., Gagne, G.: Operating System Concepts, 8th Edition, John Wiley & Sons, 2008.
2. Tanenbaum, A.S., Woodhull, A.S.: Operating Systems Design and Implementation, 3rd ed., Prentice Hall, 2006.
3. Skočovský, L.: Principy a problémy operačního systému Unix, 2. vydání, 2008.
4. Raymond, E.S.: The Art Of Unix Programming, Addison-Wesley, 2003.
5. Russinovich, M., Solomon, D.: Windows Internals, 5th edition, Microsoft Press, 2009.
6. Soubor materiálů prezentovaných na přednáškách a zveřejněných přes Internet.
http://scholar.google.cz/
http://citeseer.ist.psu.edu/


Borland, R.: Bezpečnost v UNIXu a Internetu v praxi. Computer Press, 1998,       ISBN 80-7226-082-0.
Blanchette, Jasmin: C++ GUI programming with Qt 4, 2008
Molkentin, Daniel: The book of Qt 4 :the art of building Qt applications, 2007, 440 pages, ISBN 1593271476.